<record><leader>00000cas a2200000 i 4500</leader><controlfield tag="001">879333960</controlfield><controlfield tag="006">m     o  d        </controlfield><controlfield tag="007">cr |||||||||||</controlfield><controlfield tag="008">140507d19041908mtuwr neo     0   a0eng  </controlfield><datafield ind1=" " ind2=" " tag="010"><subfield code="a">  2014218351</subfield></datafield><datafield ind1=" " ind2=" " tag="040"><subfield code="a">DLC</subfield><subfield code="b">eng</subfield><subfield code="e">rda</subfield><subfield code="c">DLC</subfield><subfield code="d">OCLCF</subfield></datafield><datafield ind1="0" ind2=" " tag="022"><subfield code="a">2372-8736</subfield><subfield code="2">1</subfield></datafield><datafield ind1="1" ind2=" " tag="029"><subfield code="a">NZ1</subfield><subfield code="b">15700406</subfield></datafield><datafield ind1=" " ind2=" " tag="042"><subfield code="a">pcc</subfield><subfield code="a">nsdp</subfield></datafield><datafield ind1=" " ind2=" " tag="043"><subfield code="a">n-us-mt</subfield></datafield><datafield ind1="1" ind2="0" tag="050"><subfield code="a">ISSN RECORD</subfield></datafield><datafield ind1="0" ind2="0" tag="082"><subfield code="a">071</subfield><subfield code="2">23</subfield></datafield><datafield ind1="0" ind2=" " tag="130"><subfield code="a">Havre herald (Havre, Mont. : 1904 : Online)</subfield></datafield><datafield ind1=" " ind2="4" tag="222"><subfield code="a">The Havre herald</subfield><subfield code="b">(Havre, Mont. 1904. Online)</subfield></datafield><datafield ind1="1" ind2="4" tag="245"><subfield code="a">The Havre herald.</subfield></datafield><datafield ind1=" " ind2="1" tag="264"><subfield code="a">Havre, Chouteau County, Montana :</subfield><subfield code="b">A. C. Lender,</subfield><subfield code="c">1904-</subfield></datafield><datafield ind1=" " ind2=" " tag="300"><subfield code="a">1 online resource</subfield></datafield><datafield ind1=" " ind2=" " tag="310"><subfield code="a">Weekly</subfield></datafield><datafield ind1=" " ind2=" " tag="336"><subfield code="a">text</subfield><subfield code="b">txt</subfield><subfield code="2">rdacontent</subfield></datafield><datafield ind1=" " ind2=" " tag="337"><subfield code="a">computer</subfield><subfield code="b">c</subfield><subfield code="2">rdamedia</subfield></datafield><datafield ind1=" " ind2=" " tag="338"><subfield code="a">online resource</subfield><subfield code="b">cr</subfield><subfield code="2">rdacarrier</subfield></datafield><datafield ind1="1" ind2=" " tag="362"><subfield code="a">Began with vol. 1, no. 1 (July 6, 1904); ceased in late Nov. or early Dec. 1908.</subfield></datafield><datafield ind1=" " ind2=" " tag="500"><subfield code="a">"Official union paper," July 1904-Sept. 1905.</subfield></datafield><datafield ind1=" " ind2=" " tag="500"><subfield code="a">"Democratic," July 1904-Sept. 1905; "independent," Sept. 1905-Jan. 1908; "Democratic," 1908.</subfield></datafield><datafield ind1=" " ind2=" " tag="500"><subfield code="a">Publishers: A.C. Lender, 1904-1905; W.C. Kester, 1905-1908; Havre Herald Publishing Co., 1908.</subfield></datafield><datafield ind1=" " ind2=" " tag="588"><subfield code="a">Description based on: Vol. 1, no. 1 (July 6, 1904); title from masthead (Chroniclingamerica.loc.gov, viewed May 7, 2014).</subfield></datafield><datafield ind1=" " ind2=" " tag="588"><subfield code="a">Latest issue consulted: Vol. VI, no. 10 (September 30, 1908) (Chroniclingamerica.loc.gov, viewed May 7, 2014).</subfield></datafield><datafield ind1=" " ind2="0" tag="651"><subfield code="a">Havre (Mont.)</subfield><subfield code="v">Newspapers.</subfield></datafield><datafield ind1=" " ind2="7" tag="655"><subfield code="a">Newspapers.</subfield><subfield code="2">fast</subfield><subfield code="0">(OCoLC)fst01423814</subfield></datafield><datafield ind1=" " ind2="7" tag="651"><subfield code="a">Montana</subfield><subfield code="z">Havre.</subfield><subfield code="2">fast</subfield><subfield code="0">(OCoLC)fst01212406</subfield></datafield><datafield ind1=" " ind2=" " tag="752"><subfield code="a">United States</subfield><subfield code="b">Montana</subfield><subfield code="c">Hill</subfield><subfield code="d">Havre.</subfield></datafield><datafield ind1="0" ind2="8" tag="776"><subfield code="i">Originally issued in print:</subfield><subfield code="t">Havre herald (Havre, Mont. : 1904)</subfield><subfield code="x">2372-8728</subfield><subfield code="w">(DLC)sn 84036162</subfield><subfield code="w">(OCoLC)11103269</subfield></datafield><datafield ind1="4" ind2="0" tag="856"><subfield code="u">http://www.loc.gov/chroniclingamerica/lccn/sn84036162/issues</subfield></datafield></record>